@manual{oetiket2007lshort,
    author = {Oetiket, T. and Partl, H. and Hyna and Schlegl, E.},
    title = {The not-so-short introduction to Latex},
    url = {http://www.ctan.org/tex-archive/info/lshort/english/lshort.pdf}
}

@Manual{downes2002shortams,
  title = 	 {{Short Math Guide for \LaTeX{}}},
  author = 	 {Downes,, Michael},
  organization = {American Mathematical Society},
  year = 	 {2002},
  url = 	 {ftp://ftp.ams.org/pub/tex/doc/amsmath/short-math-guide.pdf}
}

@Book{ungar2002uvod,
  author = 	 {Šime Ungar},
  title = 	 {{Uvod u \TeX{} s naglaskom na \LaTeX 2$\epsilon$}},
  publisher = 	 {Odjel za matematiku, Sveučilište J.J.\ Strossmayera u Osijeku},
  year = 	 {2002}
}

@article{python,
	author = "Bird,S. and Loper,E. and Klein,E.",
	title = "Natural Language Processing with Python",
	year = "2009",
}

@article{depression,
	author = "Nadeem,Moin and Horn,Mike and Coppersmith,Glen",
	title = "Identifying Depression on Twitter",
	year = "2016",
}

@article{clpsych,
	author = "G.C. Qntfy and M.Drezde and C.Harman and K.Hollingshead",
	title = "CLPsych 2015 Shared Task: Depression and PTSD on Twitter",
	year = "2015"
}

@article{svm,
	author = "W.S.Noble",
	title = "What is a support vector machine?",
	year  = 2006
}


@article{rsdd,
	author = "Yates, Andrew  and  Cohan, Arman  and  Goharian, Nazli",
	title  = "Depression and Self-Harm Risk Assessment in Online Forums",
	year = 2017
}


@article{fradkin2006,
	author = "Dmitriy Fradkin and Ilya Muchnik",
	title = "Support vector machines for classification",
	year = "2006",
	journal = "DIMACS Series in Discrete Mathematics and Theoretical Computer Science"
}

@article{logistic,
	author = "David Hosmer and Stanley Lemeshow",
	year = "2000",
	title="Applied Logistic Regression (2nd ed)."
}

